<Document xmlns="urn:iso:std:iso:20022:tech:xsd:pain.008.001.02" xmlns:xsi="http://www.w3.org/2001/XMLSchema-instance" xsi:schemaLocation="urn:iso:std:iso:20022:tech:xsd:pain.008.001.02 pain.008.001.02.xsd">
  <CstmrDrctDbtInitn>
    <GrpHdr>
      <MsgId>MSG1736706104351</MsgId>
      <CreDtTm>2025-01-12T18:21:44.351Z</CreDtTm>
      <NbOfTxs>2</NbOfTxs>
      <CtrlSum>175.75</CtrlSum>
      <InitgPty>
        <Nm>Your Company Name</Nm>
      </InitgPty>
    </GrpHdr>
    <PmtInf>
      <PmtInfId>PMT1736706104351</PmtInfId>
      <PmtMtd>DD</PmtMtd>
      <NbOfTxs>2</NbOfTxs>
      <CtrlSum>175.75</CtrlSum>
      <PmtTpInf>
        <SvcLvl>
          <Cd>SEPA</Cd>
        </SvcLvl>
        <LclInstrm>
          <Cd>CORE</Cd>
        </LclInstrm>
        <SeqTp>FRST</SeqTp>
      </PmtTpInf>
      <ReqdColltnDt>2025-01-13</ReqdColltnDt>
      <Cdtr>
        <Nm>Your Company Name</Nm>
      </Cdtr>
      <CdtrAcct>
        <Id>
          <IBAN>DE02701500000000594937</IBAN>
        </Id>
      </CdtrAcct>
      <CdtrAgt>
        <FinInstnId>
          <BIC>SSKMDEMM</BIC>
        </FinInstnId>
      </CdtrAgt>
      <ChrgBr>SLEV</ChrgBr>
      <CdtrSchmeId>
        <Id>
          <PrvtId>
            <Othr>
              <Id>DE98ZZZ09999999999</Id>
              <SchmeNm>
                <Prtry>SEPA</Prtry>
              </SchmeNm>
            </Othr>
          </PrvtId>
        </Id>
      </CdtrSchmeId>
      <DrctDbtTxInf>
        <PmtId>
          <EndToEndId>NOTPROVIDED</EndToEndId>
        </PmtId>
        <InstdAmt Ccy="EUR">100.50</InstdAmt>
        <DrctDbtTx>
          <MndtRltdInf>
            <MndtId>MANDATE123</MndtId>
            <DtOfSgntr>2023-01-01</DtOfSgntr>
          </MndtRltdInf>
        </DrctDbtTx>
        <DbtrAgt>
          <FinInstnId>
            <BIC>DEUTDEBBXXX</BIC>
          </FinInstnId>
        </DbtrAgt>
        <Dbtr>
          <Nm>John Doe</Nm>
        </Dbtr>
        <DbtrAcct>
          <Id>
            <IBAN>DE89370400440532013000</IBAN>
          </Id>
        </DbtrAcct>
        <RmtInf>
          <Ustrd>Invoice 123</Ustrd>
        </RmtInf>
      </DrctDbtTxInf>
      <DrctDbtTxInf>
        <PmtId>
          <EndToEndId>NOTPROVIDED</EndToEndId>
        </PmtId>
        <InstdAmt Ccy="EUR">75.25</InstdAmt>
        <DrctDbtTx>
          <MndtRltdInf>
            <MndtId>MANDATE124</MndtId>
            <DtOfSgntr>2023-01-02</DtOfSgntr>
          </MndtRltdInf>
        </DrctDbtTx>
        <DbtrAgt>
          <FinInstnId>
            <BIC>DEUTDEBBXXX</BIC>
          </FinInstnId>
        </DbtrAgt>
        <Dbtr>
          <Nm>Jane Smith</Nm>
        </Dbtr>
        <DbtrAcct>
          <Id>
            <IBAN>DE27100777770209299700</IBAN>
          </Id>
        </DbtrAcct>
        <RmtInf>
          <Ustrd>Invoice 124</Ustrd>
        </RmtInf>
      </DrctDbtTxInf>
    </PmtInf>
  </CstmrDrctDbtInitn>
</Document>